
@article{
  zou2005regularizationvariable,
  title={Regularization and Variable Selection via the Elastic Net},
  volume={67},
  ISSN={1369-7412},
  url={https://www.jstor.org/stable/3647580},
  number={2},
  journal={Journal of the Royal Statistical Society. Series B (Statistical Methodology)},
  publisher={[Royal},
  author={Zou, Hui and Hastie, Trevor},
  year={2005},
pages={301–320} }

@article{
  tay2020featureweightedelastic,
  title={Feature-weighted elastic net: using “features of features” for better prediction},
  url={http://arxiv.org/abs/2006.01395},
  journal={arXiv:2006.01395 [cs, stat]},
  author={Tay, J. Kenneth and Aghaeepour, Nima and Hastie, Trevor and Tibshirani, Robert},
  year={2020},
month={Jun} }

@inproceedings{
  jacob2009grouplasso,
  place={Montreal, Quebec, Canada},
  title={Group lasso with overlap and graph lasso},
  ISBN={978-1-60558-516-1},
  url={http://portal.acm.org/citation.cfm?doid=1553374.1553431},
  DOI={10.1145/1553374.1553431},
  booktitle={Proceedings of the 26th Annual International Conference on Machine Learning - ICML ’09},
  publisher={ACM Press},
  author={Jacob, Laurent and Obozinski, Guillaume and Vert, Jean-Philippe},
  year={2009},
pages={1–8} }
