@incollection{andersen1993introduction,
  title = {Introduction},
  booktitle = {Statistical {{Models Based}} on {{Counting Processes}}},
  author = {Andersen, Per Kragh and Borgan, Ørnulf and Gill, Richard D. and Keiding, Niels},
  editor = {Borgan, Ørnulf},
  date = {1993},
  series = {Springer {{Series}} in {{Statistics}}},
  pages = {1--44},
  publisher = {{Springer US}},
  location = {{New York, NY}},
  doi = {10.1007/978-1-4612-4348-9_1; https://web.archive.org/web/20220113095506/https://link.springer.com/chapter/10.1007%2F978-1-4612-4348-9_1},
  isbn = {978-1-4612-4348-9},
  langid = {english},
  keywords = {archived,Calendar Time,Counting Process,Diabetic Nephropathy,Event History Analysis,Event History Model}
}

@article{benavolitimechange,
  title = {Time for a {{Change}}: A {{Tutorial}} for {{Comparing Multiple Classiﬁers Through Bayesian Analysis}}},
  author = {Benavoli, Alessio and Corani, Giorgio and Demˇsar, Janez and Zaffalon, Marco},
  pages = {36},
  langid = {english}
}

@article{demsar2006statisticalcomparisonsa,
  title = {Statistical {{Comparisons}} of {{Classifiers}} over {{Multiple Data Sets}}},
  author = {Demšar, Janez},
  date = {2006},
  journaltitle = {Journal of Machine Learning Research},
  volume = {7},
  number = {1},
  pages = {1--30},
  issn = {1533-7928},
  url = {http://jmlr.org/papers/v7/demsar06a.html},
  urldate = {2024-01-22}
}

@unpublished{drysdale2022survsetopensource,
  title = {{{SurvSet}}: {{An}} Open-Source Time-to-Event Dataset Repository},
  shorttitle = {{{SurvSet}}},
  author = {Drysdale, Erik},
  date = {2022-03-06},
  eprint = {2203.03094},
  eprinttype = {arxiv},
  eprintclass = {cs, stat},
  url = {http://arxiv.org/abs/2203.03094},
  urldate = {2022-03-12},
  keywords = {archived,Computer Science - Machine Learning,Statistics - Machine Learning}
}

@book{duchateau2008frailtymodel,
  title = {The {{Frailty Model}}},
  author = {Duchateau, Luc and Janssen, Paul},
  date = {2008},
  publisher = {{Springer New York}},
  location = {{New York, NY}},
  doi = {10.1007/978-0-387-72835-3; https://web.archive.org/web/20220113103921/https://link.springer.com/book/10.1007%2F978-0-387-72835-3},
  isbn = {978-0-387-72834-6},
  langid = {english},
  keywords = {archived}
}

@article{pohar2006relativesurvival,
  title = {Relative Survival Analysis in {{R}}},
  author = {Pohar, Maja and Stare, Janez},
  date = {2006-03-01},
  journaltitle = {Computer Methods and Programs in Biomedicine},
  shortjournal = {Computer Methods and Programs in Biomedicine},
  volume = {81},
  number = {3},
  pages = {272--278},
  issn = {0169-2607},
  doi = {10.1016/j.cmpb.2006.01.004},
  langid = {english},
  keywords = {archived,R software,Regression,Relative survival},
  annotation = {https://web.archive.org/web/20220113102451/https://www.sciencedirect.com/science/article/abs/pii/S0169260706000228}
}

@book{therneau2000modelingsurvival,
  title = {Modeling {{Survival Data}}: {{Extending}} the {{Cox Model}}},
  shorttitle = {Modeling {{Survival Data}}},
  author = {Therneau, Terry M. and Grambsch, Patricia M.},
  editorb = {Dietz, K. and Gail, M. and Krickeberg, K. and Samet, J. and Tsiatis, A.},
  editorbtype = {redactor},
  date = {2000},
  series = {Statistics for {{Biology}} and {{Health}}},
  publisher = {{Springer New York}},
  location = {{New York, NY}},
  doi = {10.1007/978-1-4757-3294-8},
  isbn = {978-1-4419-3161-0 978-1-4757-3294-8}
}

@article{trebern-launay2013comparisonrisk,
  title = {Comparison of the Risk Factors Effects between Two Populations: Two Alternative Approaches Illustrated by the Analysis of First and Second Kidney Transplant Recipients},
  shorttitle = {Comparison of the Risk Factors Effects between Two Populations},
  author = {Trébern-Launay, Katy and Giral, Magali and Dantal, Jacques and Foucher, Yohann},
  date = {2013-08-06},
  journaltitle = {BMC Medical Research Methodology},
  shortjournal = {BMC Med Res Methodol},
  volume = {13},
  eprint = {23915191},
  eprinttype = {pmid},
  pages = {102},
  issn = {1471-2288},
  doi = {10.1186/1471-2288-13-102},
  pmcid = {PMC3750352; https://web.archive.org/web/20220113104816/https://www.ncbi.nlm.nih.gov/pmc/articles/PMC3750352/},
  keywords = {archived}
}

@online{wissel2022survboardstandardised,
  title = {{{SurvBoard}}: {{Standardised Benchmarking}} for {{Multi-omics Cancer Survival Models}}},
  shorttitle = {{{SurvBoard}}},
  author = {Wissel, David and Janakarajan, Nikita and Grover, Aayush and Toniato, Enrico and Martínez, María Rodríguez and Boeva, Valentina},
  date = {2022-11-20},
  eprinttype = {bioRxiv},
  eprintclass = {New Results},
  pages = {2022.11.18.517043},
  doi = {10.1101/2022.11.18.517043},
  langid = {english},
  pubstate = {preprint}
}

@online{zhang2021survbenchmarkcomprehensiveb,
  title = {{{SurvBenchmark}}: Comprehensive Benchmarking Study of Survival Analysis Methods Using Both Omics Data and Clinical Data},
  shorttitle = {{{SurvBenchmark}}},
  author = {Zhang, Yunwei and Wong, Germaine and Mann, Graham and Muller, Samuel and Yang, Jean Y. H.},
  date = {2021-09-29},
  eprinttype = {bioRxiv},
  eprintclass = {New Results},
  pages = {2021.07.11.451967},
  doi = {10.1101/2021.07.11.451967},
  langid = {english},
  pubstate = {preprint}
}
