@misc{jaeger2022arxiv,
  doi = {10.48550/ARXIV.2208.01129},

  url = {https://arxiv.org/abs/2208.01129},

  author = {Jaeger, Byron C. and Welden, Sawyer and Lenoir, Kristin and Speiser, Jaime L. and Segar, Matthew W. and Pandey, Ambarish and Pajewski, Nicholas M.},

  keywords = {Methodology (stat.ME), Machine Learning (stat.ML), FOS: Computer and information sciences, FOS: Computer and information sciences},

  title = {Accelerated and interpretable oblique random survival forests},

  publisher = {arXiv},

  year = {2022},

  copyright = {Creative Commons Attribution 4.0 International}
}

@article{Jaeger2022joss, doi = {10.21105/joss.04705}, url = {https://doi.org/10.21105/joss.04705}, year = {2022}, publisher = {The Open Journal}, volume = {7}, number = {77}, pages = {4705}, author = {Byron C. Jaeger and Sawyer Welden and Kristin Lenoir and Nicholas M. Pajewski}, title = {aorsf: An R package for supervised learning using the oblique random survival forest}, journal = {Journal of Open Source Software} }

@article{jaeger2019oblique,
author = {Byron C. Jaeger and D. Leann Long and Dustin M. Long and Mario Sims and Jeff M. Szychowski and Yuan-I Min and Leslie A. Mcclure and George Howard and Noah Simon},
title = {{Oblique random survival forests}},
volume = {13},
journal = {The Annals of Applied Statistics},
number = {3},
publisher = {Institute of Mathematical Statistics},
pages = {1847 -- 1883},
keywords = {cardiovascular disease, machine learning, penalized regression, Random forest, survival},
year = {2019},
doi = {10.1214/19-AOAS1261},
URL = {https://doi.org/10.1214/19-AOAS1261}
}
