@article{akritas1994nearestneighbor,
  ids = {akritas1994nearestneighbora},
  title = {Nearest {{Neighbor Estimation}} of a {{Bivariate Distribution Under Random Censoring}}},
  author = {Akritas, Michael G.},
  date = {1994-09},
  journaltitle = {The Annals of Statistics},
  volume = {22},
  number = {3},
  pages = {1299--1327},
  publisher = {Institute of Mathematical Statistics},
  issn = {0090-5364, 2168-8966},
  doi = {10.1214/aos/1176325630},
  keywords = {62G05,62G30,62H12,62J05,Beran optimality,Conditional empirical processes,conditional Kaplan-Meier estimator,polynomial regression,weak convergence}
}

@incollection{andersen1993introduction,
  title = {Introduction},
  booktitle = {Statistical {{Models Based}} on {{Counting Processes}}},
  author = {Andersen, Per Kragh and Borgan, Ørnulf and Gill, Richard D. and Keiding, Niels},
  editor = {Borgan, Ørnulf},
  date = {1993},
  series = {Springer {{Series}} in {{Statistics}}},
  pages = {1--44},
  publisher = {Springer US},
  location = {New York, NY},
  doi = {10.1007/978-1-4612-4348-9_1; https://web.archive.org/web/20220113095506/https://link.springer.com/chapter/10.1007%2F978-1-4612-4348-9_1},
  isbn = {978-1-4612-4348-9},
  langid = {english},
  keywords = {archived,Calendar Time,Counting Process,Diabetic Nephropathy,Event History Analysis,Event History Model}
}

@article{austin2020graphicalcalibration,
  title = {Graphical Calibration Curves and the Integrated Calibration Index ({{ICI}}) for Survival Models},
  author = {Austin, Peter C. and Harrell Jr, Frank E. and family=Klaveren, given=David, prefix=van, useprefix=true},
  date = {2020},
  journaltitle = {Statistics in Medicine},
  volume = {39},
  number = {21},
  pages = {2714--2742},
  issn = {1097-0258},
  doi = {10.1002/sim.8570},
  langid = {english},
  keywords = {calibration,model validation,random forests,survival analysis,time-to-event model}
}

@inproceedings{avati2020countdownregressiona,
  title = {Countdown {{Regression}}: {{Sharp}} and {{Calibrated Survival Predictions}}},
  shorttitle = {Countdown {{Regression}}},
  booktitle = {Proceedings of {{The}} 35th {{Uncertainty}} in {{Artificial Intelligence Conference}}},
  author = {Avati, Anand and Duan, Tony and Zhou, Sharon and Jung, Kenneth and Shah, Nigam H. and Ng, Andrew Y.},
  date = {2020-08-06},
  pages = {145--155},
  publisher = {PMLR},
  issn = {2640-3498},
  url = {https://proceedings.mlr.press/v115/avati20a.html},
  urldate = {2024-05-21},
  eventtitle = {Uncertainty in {{Artificial Intelligence}}},
  langid = {english}
}

@article{barnwal2022survivalregression,
  title = {Survival {{Regression}} with {{Accelerated Failure Time Model}} in {{XGBoost}}},
  author = {Barnwal, Avinash and Cho, Hyunsu and Hocking, Toby},
  date = {2022-10-02},
  journaltitle = {Journal of Computational and Graphical Statistics},
  volume = {31},
  number = {4},
  pages = {1292--1302},
  publisher = {Taylor \& Francis},
  issn = {1061-8600},
  doi = {10.1080/10618600.2022.2067548},
  keywords = {GPU computing,Gradient boosting,Open source,Survival analysis,XGBoost}
}

@article{benavoli2017timechange,
  title = {Time for a {{Change}}: A {{Tutorial}} for {{Comparing Multiple Classifiers Through Bayesian Analysis}}},
  shorttitle = {Time for a {{Change}}},
  author = {Benavoli, Alessio and Corani, Giorgio and Demšar, Janez and Zaffalon, Marco},
  date = {2017},
  journaltitle = {Journal of Machine Learning Research},
  volume = {18},
  number = {77},
  pages = {1--36},
  issn = {1533-7928},
  url = {http://jmlr.org/papers/v18/16-305.html},
  urldate = {2024-02-28}
}

@article{benavolitimechange,
  title = {Time for a {{Change}}: A {{Tutorial}} for {{Comparing Multiple Classiﬁers Through Bayesian Analysis}}},
  author = {Benavoli, Alessio and Corani, Giorgio and Demˇsar, Janez and Zaffalon, Marco},
  pages = {36},
  langid = {english}
}

@article{binder2008allowingmandatorya,
  title = {Allowing for Mandatory Covariates in Boosting Estimation of Sparse High-Dimensional Survival Models},
  author = {Binder, Harald and Schumacher, Martin},
  date = {2008-01-10},
  journaltitle = {BMC Bioinformatics},
  shortjournal = {BMC Bioinformatics},
  volume = {9},
  number = {1},
  pages = {14},
  issn = {1471-2105},
  doi = {10.1186/1471-2105-9-14},
  langid = {english},
  keywords = {Clinical Covariates,International Prognostic Index,Mandatory Covariates,Penalty Parameter,Prediction Performance}
}

@article{binder2009boostinghighdimensional,
  title = {Boosting for High-Dimensional Time-to-Event Data with Competing Risks},
  author = {Binder, Harald and Allignol, Arthur and Schumacher, Martin and Beyersmann, Jan},
  date = {2009-04-01},
  journaltitle = {Bioinformatics},
  shortjournal = {Bioinformatics},
  volume = {25},
  number = {7},
  pages = {890--896},
  issn = {1367-4803},
  doi = {10.1093/bioinformatics/btp088}
}

@article{bischl2023hyperparameteroptimizationb,
  title = {Hyperparameter Optimization: {{Foundations}}, Algorithms, Best Practices, and Open Challenges},
  shorttitle = {Hyperparameter Optimization},
  author = {Bischl, Bernd and Binder, Martin and Lang, Michel and Pielok, Tobias and Richter, Jakob and Coors, Stefan and Thomas, Janek and Ullmann, Theresa and Becker, Marc and Boulesteix, Anne-Laure and Deng, Difan and Lindauer, Marius},
  date = {2023},
  journaltitle = {WIREs Data Mining and Knowledge Discovery},
  volume = {13},
  number = {2},
  pages = {e1484},
  issn = {1942-4795},
  doi = {10.1002/widm.1484},
  langid = {english},
  keywords = {automl,hyperparameter optimization,machine learning,model selection,tuning}
}

@article{blanche2013estimatingcomparing,
  title = {Estimating and Comparing Time-Dependent Areas under Receiver Operating Characteristic Curves for Censored Event Times with Competing Risks},
  author = {Blanche, Paul and Dartigues, Jean-François and Jacqmin-Gadda, Hélène},
  date = {2013},
  journaltitle = {Statistics in Medicine},
  volume = {32},
  number = {30},
  pages = {5381--5397},
  issn = {1097-0258},
  doi = {10.1002/sim.5958},
  langid = {english},
  keywords = {AUC,competing risks,discrimination,inverse probability of censoring weighting,prognosis,survival analysis}
}

@article{boulesteix2013pleaneutralb,
  title = {A {{Plea}} for {{Neutral Comparison Studies}} in {{Computational Sciences}}},
  author = {Boulesteix, Anne-Laure and Lauer, Sabine and Eugster, Manuel J. A.},
  date = {2013-04-24},
  journaltitle = {PLOS ONE},
  shortjournal = {PLOS ONE},
  volume = {8},
  number = {4},
  pages = {e61562},
  publisher = {Public Library of Science},
  issn = {1932-6203},
  doi = {10.1371/journal.pone.0061562},
  langid = {english},
  keywords = {Algorithms,Bioinformatics,Computer and information sciences,Drug research and development,Machine learning,Machine learning algorithms,Metaanalysis,Scientific publishing}
}

@article{bovelstad2007predictingsurvival,
  title = {Predicting Survival from Microarray Data—a Comparative Study},
  author = {Bøvelstad, H.M. and Nygård, S. and Størvold, H.L. and Aldrin, M. and Borgan, Ø. and Frigessi, A. and Lingjærde, O.C.},
  date = {2007-08-15},
  journaltitle = {Bioinformatics},
  shortjournal = {Bioinformatics},
  volume = {23},
  number = {16},
  pages = {2080--2087},
  issn = {1367-4803},
  doi = {10.1093/bioinformatics/btm305}
}

@article{bovelstad2009survivalprediction,
  title = {Survival Prediction from Clinico-Genomic Models - a Comparative Study},
  author = {Bøvelstad, Hege M. and Nygård, Ståle and Borgan, Ørnulf},
  date = {2009-12-13},
  journaltitle = {BMC Bioinformatics},
  shortjournal = {BMC Bioinformatics},
  volume = {10},
  number = {1},
  pages = {413},
  issn = {1471-2105},
  doi = {10.1186/1471-2105-10-413},
  langid = {english},
  keywords = {International Prognostic Index,Lasso,Partial Little Square,Principal Component Regression,Ridge Regression}
}

@book{breiman1998classificationregression,
  title = {Classification and Regression Trees},
  editor = {Breiman, Leo},
  date = {1998},
  edition = {1. CRC Press repr},
  publisher = {Chapman \& Hall/CRC},
  location = {Boca Raton, Fla.},
  isbn = {978-0-412-04841-8},
  langid = {english},
  pagetotal = {358}
}

@article{breslow1999designanalysis,
  title = {Design and {{Analysis}} of {{Two-Phase Studies}} with {{Binary Outcome Applied}} to {{Wilms Tumour Prognosis}}},
  author = {Breslow, N. E. and Chatterjee, N.},
  date = {1999-12-01},
  journaltitle = {Journal of the Royal Statistical Society Series C: Applied Statistics},
  shortjournal = {Journal of the Royal Statistical Society Series C: Applied Statistics},
  volume = {48},
  number = {4},
  pages = {457--468},
  issn = {0035-9254},
  doi = {10.1111/1467-9876.00165}
}

@article{buhlmann2003boostingl2,
  title = {Boosting {{With}} the {{L2 Loss}}: {{Regression}} and {{Classification}}},
  shorttitle = {Boosting {{With}} the {{L2 Loss}}},
  author = {Bühlmann, Peter and Yu, Bin},
  date = {2003-06-01},
  journaltitle = {Journal of the American Statistical Association},
  volume = {98},
  number = {462},
  pages = {324--339},
  publisher = {Taylor \& Francis},
  issn = {0162-1459},
  doi = {10.1198/016214503000125},
  keywords = {Functional gradient descent,LogitBoost,Minimax error rate,Nonparametric classification,Nonparametric regression,Smoothing spline}
}

@online{burk2024largescaleneutral,
  title = {A {{Large-Scale Neutral Comparison Study}} of {{Survival Models}} on {{Low-Dimensional Data}}},
  author = {Burk, Lukas and Zobolas, John and Bischl, Bernd and Bender, Andreas and Wright, Marvin N. and Sonabend, Raphael},
  date = {2024-06-06},
  eprint = {2406.04098},
  eprinttype = {arxiv},
  eprintclass = {cs, stat},
  doi = {10.48550/arXiv.2406.04098},
  pubstate = {preprint},
  keywords = {Computer Science - Machine Learning,Statistics - Machine Learning}
}

@inproceedings{caruana2006empiricalcomparison,
  title = {An Empirical Comparison of Supervised Learning Algorithms},
  booktitle = {Proceedings of the 23rd International Conference on {{Machine}} Learning  - {{ICML}} '06},
  author = {Caruana, Rich and Niculescu-Mizil, Alexandru},
  date = {2006},
  pages = {161--168},
  publisher = {ACM Press},
  location = {Pittsburgh, Pennsylvania},
  doi = {10.1145/1143844.1143865},
  eventtitle = {The 23rd International Conference},
  isbn = {978-1-59593-383-6},
  langid = {english}
}

@inproceedings{chen2016xgboostscalable,
  title = {{{XGBoost}}: {{A Scalable Tree Boosting System}}},
  shorttitle = {{{XGBoost}}},
  booktitle = {Proceedings of the 22nd {{ACM SIGKDD International Conference}} on {{Knowledge Discovery}} and {{Data Mining}}},
  author = {Chen, Tianqi and Guestrin, Carlos},
  date = {2016-08-13},
  series = {{{KDD}} '16},
  pages = {785--794},
  publisher = {Association for Computing Machinery},
  location = {New York, NY, USA},
  doi = {10.1145/2939672.2939785},
  isbn = {978-1-4503-4232-2},
  keywords = {large-scale machine learning}
}

@article{christodoulou2019systematicreviewa,
  title = {A Systematic Review Shows No Performance Benefit of Machine Learning over Logistic Regression for Clinical Prediction Models},
  author = {Christodoulou, Evangelia and Ma, Jie and Collins, Gary S. and Steyerberg, Ewout W. and Verbakel, Jan Y. and Van Calster, Ben},
  date = {2019-06},
  journaltitle = {Journal of Clinical Epidemiology},
  shortjournal = {J Clin Epidemiol},
  volume = {110},
  eprint = {30763612},
  eprinttype = {pmid},
  pages = {12--22},
  issn = {1878-5921},
  doi = {10.1016/j.jclinepi.2019.02.004},
  langid = {english},
  keywords = {{Models, Theoretical},{Outcome Assessment, Health Care},Algorithms,Area Under Curve,AUC,Calibration,Clinical prediction models,Humans,Logistic Models,Logistic regression,Machine learning,Predictive Value of Tests,Reporting,Sensitivity and Specificity,Supervised Machine Learning}
}

@article{cox1968generaldefinition,
  title = {A {{General Definition}} of {{Residuals}}},
  author = {Cox, D. R. and Snell, E. J.},
  date = {1968},
  journaltitle = {Journal of the Royal Statistical Society: Series B (Methodological)},
  volume = {30},
  number = {2},
  pages = {248--265},
  issn = {2517-6161},
  doi = {10.1111/j.2517-6161.1968.tb00724.x},
  langid = {english}
}

@article{cox1975partiallikelihooda,
  title = {Partial Likelihood},
  author = {Cox, David R.},
  date = {1975-08-01},
  journaltitle = {Biometrika},
  shortjournal = {Biometrika},
  volume = {62},
  number = {2},
  pages = {269--276},
  issn = {0006-3444},
  doi = {10.1093/biomet/62.2.269}
}

@article{demsar2006statisticalcomparisonsa,
  title = {Statistical {{Comparisons}} of {{Classifiers}} over {{Multiple Data Sets}}},
  author = {Demšar, Janez},
  date = {2006},
  journaltitle = {Journal of Machine Learning Research},
  volume = {7},
  number = {1},
  pages = {1--30},
  issn = {1533-7928},
  url = {http://jmlr.org/papers/v7/demsar06a.html},
  urldate = {2024-01-22}
}

@online{drysdale2022survsetopensourcea,
  title = {{{SurvSet}}: {{An}} Open-Source Time-to-Event Dataset Repository},
  shorttitle = {{{SurvSet}}},
  author = {Drysdale, Erik},
  date = {2022-03-06},
  eprint = {2203.03094},
  eprinttype = {arxiv},
  eprintclass = {cs, stat},
  doi = {10.48550/arXiv.2203.03094},
  pubstate = {preprint},
  keywords = {Computer Science - Machine Learning,Statistics - Machine Learning}
}

@book{duchateau2008frailtymodel,
  title = {The {{Frailty Model}}},
  author = {Duchateau, Luc and Janssen, Paul},
  date = {2008},
  publisher = {Springer New York},
  location = {New York, NY},
  doi = {10.1007/978-0-387-72835-3; https://web.archive.org/web/20220113103921/https://link.springer.com/book/10.1007%2F978-0-387-72835-3},
  isbn = {978-0-387-72834-6},
  langid = {english},
  keywords = {archived}
}

@online{empiricalcomparison,
  title = {An Empirical Comparison of Supervised Learning Algorithms | {{Proceedings}} of the 23rd International Conference on {{Machine}} Learning},
  doi = {10.1145/1143844.1143865},
  langid = {english},
  organization = {ACM Other conferences}
}

@article{eugster2012domainbasedbenchmarka,
  title = {Domain-{{Based Benchmark Experiments}}: {{Exploratory}} and {{Inferential Analysis}}},
  shorttitle = {Domain-{{Based Benchmark Experiments}}},
  author = {Eugster, Manuel J. A. and Hothorn, Torsten and Leisch, Friedrich},
  date = {2012},
  journaltitle = {Austrian Journal of Statistics},
  volume = {41},
  number = {1},
  pages = {5--26},
  issn = {1026-597X},
  doi = {10.17713/ajs.v41i1.185},
  langid = {english}
}

@article{fischeropenmlctr23curated,
  title = {{{OpenML-CTR23}} – {{A}} Curated Tabular Regression Benchmarking Suite},
  author = {Fischer, Sebastian},
  langid = {english}
}

@article{friedman2010regularizationpaths,
  ids = {glmnet},
  title = {Regularization {{Paths}} for {{Generalized Linear Models}} via {{Coordinate Descent}}},
  author = {Friedman, Jerome H. and Hastie, Trevor and Tibshirani, Rob},
  date = {2010-02-02},
  journaltitle = {Journal of Statistical Software},
  volume = {33},
  number = {1},
  pages = {1--22},
  issn = {1548-7660},
  doi = {10.18637/jss.v033.i01},
  langid = {english},
  keywords = {glm,ml,regression,survival}
}

@article{gerds2006consistentestimationa,
  title = {Consistent {{Estimation}} of the {{Expected Brier Score}} in {{General Survival Models}} with {{Right}}‐{{Censored Event Times}}},
  author = {Gerds, Thomas A. and Schumacher, Martin},
  date = {2006-12},
  journaltitle = {Biometrical Journal},
  shortjournal = {Biometrical J},
  volume = {48},
  number = {6},
  pages = {1029--1040},
  issn = {0323-3847, 1521-4036},
  doi = {10.1002/bimj.200610301},
  langid = {english}
}

@article{goeman2010l1penalized,
  title = {L1 {{Penalized Estimation}} in the {{Cox Proportional Hazards Model}}},
  author = {Goeman, Jelle J.},
  date = {2010},
  journaltitle = {Biometrical Journal},
  volume = {52},
  number = {1},
  pages = {70--84},
  issn = {1521-4036},
  doi = {10.1002/bimj.200900028},
  langid = {english},
  keywords = {Gradient ascent,Lasso,Penalty,Survival}
}

@article{goli2016performanceevaluation,
  title = {Performance {{Evaluation}} of {{Support Vector Regression Models}} for {{Survival Analysis}}: {{A Simulation Study}}},
  shorttitle = {Performance {{Evaluation}} of {{Support Vector Regression Models}} for {{Survival Analysis}}},
  author = {Goli, Shahrbanoo and Mahjub, Hossein and Faradmal, Javad and Soltanian, Ali-Reza},
  date = {2016},
  journaltitle = {International Journal of Advanced Computer Science and Applications},
  shortjournal = {ijacsa},
  volume = {7},
  number = {6},
  issn = {21565570, 2158107X},
  doi = {10.14569/IJACSA.2016.070650},
  langid = {english}
}

@article{goli2016survivalprediction,
  title = {Survival {{Prediction}} and {{Feature Selection}} in {{Patients}} with {{Breast Cancer Using Support Vector Regression}}},
  author = {Goli, Shahrbanoo and Mahjub, Hossein and Faradmal, Javad and Mashayekhi, Hoda and Soltanian, Ali-Reza},
  date = {2016-11-01},
  journaltitle = {Computational and Mathematical Methods in Medicine},
  volume = {2016},
  pages = {e2157984},
  publisher = {Hindawi},
  issn = {1748-670X},
  doi = {10.1155/2016/2157984},
  langid = {english}
}

@article{graf1995investigationmeasures,
  title = {An {{Investigation}} on {{Measures}} of {{Explained Variation}} in {{Survival Analysis}}},
  author = {Graf, Erika and Schumacher, Martin},
  date = {1995},
  journaltitle = {Journal of the Royal Statistical Society. Series D (The Statistician)},
  volume = {44},
  number = {4},
  eprint = {2348898},
  eprinttype = {jstor},
  pages = {497--507},
  publisher = {[Royal Statistical Society, Wiley]},
  issn = {0039-0526},
  doi = {10.2307/2348898}
}

@article{graf1999assessmentcomparison,
  title = {Assessment and Comparison of Prognostic Classification Schemes for Survival Data},
  author = {Graf, E. and Schmoor, C. and Sauerbrei, W. and Schumacher, M.},
  date = {1999-09-15/0030},
  journaltitle = {Statistics in Medicine},
  shortjournal = {Stat Med},
  volume = {18},
  number = {17-18},
  eprint = {10474158},
  eprinttype = {pmid},
  pages = {2529--2545},
  issn = {0277-6715},
  doi = {10.1002/(sici)1097-0258(19990915/30)18:17/18<2529::aid-sim274>3.0.co;2-5},
  langid = {english},
  keywords = {{Data Interpretation, Statistical},Breast Neoplasms,Decision Making,Disease-Free Survival,Female,Humans,Prognosis,Proportional Hazards Models}
}

@article{guinney2017predictionoveralla,
  title = {Prediction of Overall Survival for Patients with Metastatic Castration-Resistant Prostate Cancer: Development of a Prognostic Model through a Crowdsourced Challenge with Open Clinical Trial Data},
  shorttitle = {Prediction of Overall Survival for Patients with Metastatic Castration-Resistant Prostate Cancer},
  author = {Guinney, Justin and Wang, Tao and Laajala, Teemu D. and Winner, Kimberly Kanigel and Bare, J. Christopher and Neto, Elias Chaibub and Khan, Suleiman A. and Peddinti, Gopal and Airola, Antti and Pahikkala, Tapio and Mirtti, Tuomas and Yu, Thomas and Bot, Brian M. and Shen, Liji and Abdallah, Kald and Norman, Thea and Friend, Stephen and Stolovitzky, Gustavo and Soule, Howard and Sweeney, Christopher J. and Ryan, Charles J. and Scher, Howard I. and Sartor, Oliver and Xie, Yang and Aittokallio, Tero and Zhou, Fang Liz and Costello, James C. and Abdallah, Kald and Aittokallio, Tero and Airola, Antti and Anghe, Catalina and Azima, Helia and Baertsch, Robert and Ballester, Pedro J. and Bare, Chris and Bhandari, Vinayak and Bot, Brian M. and Dang, Cuong C. and Dunbar, Maria Bekker-Nielsen and Buchardt, Ann-Sophie and Buturovic, Ljubomir and Cao, Da and Chalise, Prabhakar and Cho, Junwoo and Chu, Tzu-Ming and Coley, R. Yates and Conjeti, Sailesh and Correia, Sara and Costello, James C. and Dai, Ziwei and Dai, Junqiang and Dargatz, Philip and Delavarkhan, Sam and Deng, Detian and Dhanik, Ankur and Du, Yu and Elangovan, Aparna and Ellis, Shellie and Elo, Laura L. and Espiritu, Shadrielle M. and Fan, Fan and Farshi, Ashkan B. and Freitas, Ana and Fridley, Brooke and Friend, Stephen and Fuchs, Christiane and Gofer, Eyal and Peddinti, Gopalacharyulu and Graw, Stefan and Greiner, Russ and Guan, Yuanfang and Guinney, Justin and Guo, Jing and Gupta, Pankaj and Guyer, Anna I. and Han, Jiawei and Hansen, Niels R. and Chang, Billy HW and Hirvonen, Outi and Huang, Barbara and Huang, Chao and Hwang, Jinseub and Ibrahim, Joseph G. and Jayaswa, Vivek and Jeon, Jouhyun and Ji, Zhicheng and Juvvadi, Deekshith and Jyrkkiö, Sirkku and Kanigel-Winner, Kimberly and Katouzian, Amin and Kazanov, Marat D. and Khan, Suleiman A. and Khayyer, Shahin and Kim, Dalho and Golinska, Agnieszka K. and Koestler, Devin and Kokowicz, Fernanda and Kondofersky, Ivan and Krautenbacher, Norbert and Krstajic, Damjan and Kumar, Luke and Kurz, Christoph and Kyan, Matthew and Laajala, Teemu D. and Laimighofer, Michael and Lee, Eunjee and Lesinski, Wojciech and Li, Miaozhu and Li, Ye and Lian, Qiuyu and Liang, Xiaotao and Lim, Minseong and Lin, Henry and Lin, Xihui and Lu, Jing and Mahmoudian, Mehrad and Manshaei, Roozbeh and Meier, Richard and Miljkovic, Dejan and Mirtti, Tuomas and Mnich, Krzysztof and Navab, Nassir and Neto, Elias C. and Newton, Yulia and Norman, Thea and Pahikkala, Tapio and Pal, Subhabrata and Park, Byeongju and Patel, Jaykumar and Pathak, Swetabh and Pattin, Alejandrina and Ankerst, Donna P. and Peng, Jian and Petersen, Anne H. and Philip, Robin and Piccolo, Stephen R. and Pölsterl, Sebastian and Polewko-Klim, Aneta and Rao, Karthik and Ren, Xiang and Rocha, Miguel and Rudnicki, Witold R. and Ryan, Charles J. and Ryu, Hyunnam and Sartor, Oliver and Scherb, Hagen and Sehgal, Raghav and Seyednasrollah, Fatemeh and Shang, Jingbo and Shao, Bin and Shen, Liji and Sher, Howard and Shiga, Motoki and Sokolov, Artem and Söllner, Julia F. and Song, Lei and Soule, Howard and Stolovitzky, Gustavo and Stuart, Josh and Sun, Ren and Sweeney, Christopher J. and Tahmasebi, Nazanin and Tan, Kar-Tong and Tomaziu, Lisbeth and Usset, Joseph and Vang, Yeeleng S. and Vega, Roberto and Vieira, Vitor and Wang, David and Wang, Difei and Wang, Junmei and Wang, Lichao and Wang, Sheng and Wang, Tao and Wang, Yue and Wolfinger, Russ and Wong, Chris and Wu, Zhenke and Xiao, Jinfeng and Xie, Xiaohui and Xie, Yang and Xin, Doris and Yang, Hojin and Yu, Nancy and Yu, Thomas and Yu, Xiang and Zahedi, Sulmaz and Zanin, Massimiliano and Zhang, Chihao and Zhang, Jingwen and Zhang, Shihua and Zhang, Yanchun and Zhou, Fang Liz and Zhu, Hongtu and Zhu, Shanfeng and Zhu, Yuxin},
  date = {2017-01-01},
  journaltitle = {The Lancet Oncology},
  shortjournal = {The Lancet Oncology},
  volume = {18},
  number = {1},
  eprint = {27864015},
  eprinttype = {pmid},
  pages = {132--142},
  publisher = {Elsevier},
  issn = {1470-2045, 1474-5488},
  doi = {10.1016/S1470-2045(16)30560-5},
  langid = {english}
}

@article{haider2020effectivewaysa,
  title = {Effective {{Ways}} to {{Build}} and {{Evaluate Individual Survival Distributions}}},
  author = {Haider, Humza and Hoehn, Bret and Davis, Sarah and Greiner, Russell},
  date = {2020},
  journaltitle = {Journal of Machine Learning Research},
  volume = {21},
  number = {85},
  pages = {1--63},
  issn = {1533-7928},
  url = {http://jmlr.org/papers/v21/18-772.html},
  urldate = {2024-05-21}
}

@article{herrmann2021largescalebenchmarka,
  ids = {herrmann2021largescalebenchmarkc},
  title = {Large-Scale Benchmark Study of Survival Prediction Methods Using Multi-Omics Data},
  author = {Herrmann, Moritz and Probst, Philipp and Hornung, Roman and Jurinovic, Vindi and Boulesteix, Anne-Laure},
  date = {2021-05-20},
  journaltitle = {Briefings in Bioinformatics},
  volume = {22},
  number = {3},
  pages = {bbaa167},
  issn = {1467-5463, 1477-4054},
  doi = {10.1093/bib/bbaa167},
  langid = {english}
}

@article{hothorn2006unbiasedrecursive,
  title = {Unbiased {{Recursive Partitioning}}: {{A Conditional Inference Framework}}},
  shorttitle = {Unbiased {{Recursive Partitioning}}},
  author = {Hothorn, Torsten and Hornik, Kurt and Zeileis, Achim},
  date = {2006-09-01},
  journaltitle = {Journal of Computational and Graphical Statistics},
  volume = {15},
  number = {3},
  pages = {651--674},
  publisher = {Taylor \& Francis},
  issn = {1061-8600},
  doi = {10.1198/106186006X133933},
  keywords = {Multiple testing,Multivariate regression trees,Ordinal regression trees,Permutation tests,Variable selection}
}

@article{ishwaran2008randomsurvivalc,
  title = {Random Survival Forests},
  author = {Ishwaran, Hemant and Kogalur, Udaya B. and Blackstone, Eugene H. and Lauer, Michael S.},
  date = {2008-09},
  journaltitle = {The Annals of Applied Statistics},
  volume = {2},
  number = {3},
  pages = {841--860},
  publisher = {Institute of Mathematical Statistics},
  issn = {1932-6157, 1941-7330},
  doi = {10.1214/08-AOAS169},
  keywords = {Conservation of events,cumulative hazard function,ensemble,out-of-bag,prediction error,survival tree}
}

@article{jaeger2019obliquerandoma,
  title = {Oblique Random Survival Forests},
  author = {Jaeger, Byron C. and Long, D. Leann and Long, Dustin M. and Sims, Mario and Szychowski, Jeff M. and Min, Yuan-I. and Mcclure, Leslie A. and Howard, George and Simon, Noah},
  date = {2019-09},
  journaltitle = {The Annals of Applied Statistics},
  volume = {13},
  number = {3},
  pages = {1847--1883},
  publisher = {Institute of Mathematical Statistics},
  issn = {1932-6157, 1941-7330},
  doi = {10.1214/19-AOAS1261},
  keywords = {cardiovascular disease,machine learning,penalized regression,Random forest,survival}
}

@article{jaeger2022aorsfpackage,
  title = {Aorsf: {{An R}} Package for Supervised Learning Using the Oblique Random Survival Forest},
  shorttitle = {Aorsf},
  author = {Jaeger, Byron C. and Welden, Sawyer and Lenoir, Kristin and Pajewski, Nicholas M.},
  date = {2022-09-28},
  journaltitle = {Journal of Open Source Software},
  volume = {7},
  number = {77},
  pages = {4705},
  issn = {2475-9066},
  doi = {10.21105/joss.04705},
  langid = {english}
}

@article{jaeger2024acceleratedinterpretable,
  title = {Accelerated and {{Interpretable Oblique Random Survival Forests}}},
  author = {Jaeger, Byron C. and Welden, Sawyer and Lenoir, Kristin and Speiser, Jaime L. and Segar, Matthew W. and Pandey, Ambarish and Pajewski, Nicholas M.},
  date = {2024-01-02},
  journaltitle = {Journal of Computational and Graphical Statistics},
  volume = {33},
  number = {1},
  pages = {192--207},
  publisher = {Taylor \& Francis},
  issn = {1061-8600},
  doi = {10.1080/10618600.2023.2231048},
  keywords = {Computational efficiency,Supervised learning,Variable importance}
}

@book{kalbfleisch2011statisticalanalysis,
  title = {The {{Statistical Analysis}} of {{Failure Time Data}}},
  author = {Kalbfleisch, John D. and Prentice, Ross L.},
  date = {2011-01-25},
  publisher = {John Wiley \& Sons},
  isbn = {978-1-118-03123-0},
  langid = {english},
  pagetotal = {464},
  keywords = {Mathematics / General,Mathematics / Probability \& Statistics / General,Mathematics / Probability \& Statistics / Stochastic Processes}
}

@article{kantidakis2020survivalpredictiona,
  title = {Survival Prediction Models since Liver Transplantation - Comparisons between {{Cox}} Models and Machine Learning Techniques},
  author = {Kantidakis, Georgios and Putter, Hein and Lancia, Carlo and family=Boer, given=Jacob, prefix=de, useprefix=false and Braat, Andries E. and Fiocco, Marta},
  date = {2020-11-16},
  journaltitle = {BMC Medical Research Methodology},
  shortjournal = {BMC Med Res Methodol},
  volume = {20},
  number = {1},
  pages = {277},
  issn = {1471-2288},
  doi = {10.1186/s12874-020-01153-1},
  langid = {english},
  keywords = {Neural networks,Post-transplantation,Predictive performance,Random survival forest,Risk factors,Survival analysis}
}

@article{kaplan1958nonparametricestimationa,
  title = {Nonparametric {{Estimation}} from {{Incomplete Observations}}},
  author = {Kaplan, E. L. and Meier, Paul},
  date = {1958-06-01},
  journaltitle = {Journal of the American Statistical Association},
  volume = {53},
  number = {282},
  pages = {457--481},
  publisher = {Taylor \& Francis},
  issn = {0162-1459},
  doi = {10.1080/01621459.1958.10501452}
}

@article{kattan2003comparisoncox,
  title = {Comparison of {{Cox Regression With Other Methods}} for {{Determining Prediction Models}} and {{Nomograms}}},
  author = {Kattan, MICHAEL W.},
  date = {2003-12-01},
  journaltitle = {The Journal of Urology},
  shortjournal = {The Journal of Urology},
  series = {Part 2 of 2},
  volume = {170},
  pages = {S6-S10},
  issn = {0022-5347},
  doi = {10.1097/01.ju.0000094764.56269.2d},
  issue = {6, Supplement},
  keywords = {machine learning,neural network models,predictive value of tests,statistical model}
}

@article{kattan2018indexprediction,
  title = {The Index of Prediction Accuracy: An Intuitive Measure Useful for Evaluating Risk Prediction Models},
  shorttitle = {The Index of Prediction Accuracy},
  author = {Kattan, Michael W. and Gerds, Thomas A.},
  date = {2018-05-04},
  journaltitle = {Diagnostic and Prognostic Research},
  shortjournal = {Diagn Progn Res},
  volume = {2},
  number = {1},
  pages = {7},
  issn = {2397-7523},
  doi = {10.1186/s41512-018-0029-2},
  langid = {english},
  keywords = {Accuracy,Brier score,Prediction}
}

@article{katzman2018deepsurvpersonalizedc,
  title = {{{DeepSurv}}: Personalized Treatment Recommender System Using a {{Cox}} Proportional Hazards Deep Neural Network},
  shorttitle = {{{DeepSurv}}},
  author = {Katzman, Jared L. and Shaham, Uri and Cloninger, Alexander and Bates, Jonathan and Jiang, Tingting and Kluger, Yuval},
  date = {2018-02-26},
  journaltitle = {BMC Medical Research Methodology},
  shortjournal = {BMC Medical Research Methodology},
  volume = {18},
  number = {1},
  pages = {24},
  issn = {1471-2288},
  doi = {10.1186/s12874-018-0482-1},
  keywords = {Deep learning,Survival analysis,Treatment recommendations}
}

@article{kvamme2023brierscore,
  title = {The {{Brier Score}} under {{Administrative Censoring}}: {{Problems}} and a {{Solution}}},
  shorttitle = {The {{Brier Score}} under {{Administrative Censoring}}},
  author = {Kvamme, Håvard and Borgan, Ørnulf},
  date = {2023},
  journaltitle = {Journal of Machine Learning Research},
  volume = {24},
  number = {2},
  pages = {1--26},
  issn = {1533-7928},
  url = {http://jmlr.org/papers/v24/19-1030.html},
  urldate = {2024-02-28}
}

@article{lang2017batchtoolstools,
  title = {Batchtools: {{Tools}} for {{R}} to Work on Batch Systems},
  shorttitle = {Batchtools},
  author = {Lang, Michel and Bischl, Bernd and Surmann, Dirk},
  date = {2017-02-22},
  journaltitle = {Journal of Open Source Software},
  volume = {2},
  number = {10},
  pages = {135},
  issn = {2475-9066},
  doi = {10.21105/joss.00135},
  langid = {english}
}

@article{lin2007breslowestimator,
  title = {On the {{Breslow}} Estimator},
  author = {Lin, D. Y.},
  date = {2007-12-01},
  journaltitle = {Lifetime Data Analysis},
  shortjournal = {Lifetime Data Anal},
  volume = {13},
  number = {4},
  pages = {471--480},
  issn = {1572-9249},
  doi = {10.1007/s10985-007-9048-y},
  langid = {english},
  keywords = {Cox model,Maximum likelihood,Partial likelihood,Proportional hazards,Semiparametric inference,Survival data}
}

@article{loureiro2021artificialintelligence,
  title = {Artificial {{Intelligence}} for {{Prognostic Scores}} in {{Oncology}}: A {{Benchmarking Study}}},
  shorttitle = {Artificial {{Intelligence}} for {{Prognostic Scores}} in {{Oncology}}},
  author = {Loureiro, Hugo and Becker, Tim and Bauer-Mehren, Anna and Ahmidi, Narges and Weberpals, Janick},
  date = {2021-04-16},
  journaltitle = {Frontiers in Artificial Intelligence},
  shortjournal = {Front. Artif. Intell.},
  volume = {4},
  publisher = {Frontiers},
  issn = {2624-8212},
  doi = {10.3389/frai.2021.625573},
  langid = {english},
  keywords = {Electronic Health Records (EHR),machine learning,Prognostic scores,Real world data (RWD),Survival analyisis}
}

@article{luxhoj1997comparisonproportional,
  title = {Comparison of Proportional Hazards Models and Neural Networks for Reliability Estimation},
  author = {Luxhoj, James T. and Shyur, Huan-Jyh},
  date = {1997-05-01},
  journaltitle = {Journal of Intelligent Manufacturing},
  shortjournal = {Journal of Intelligent Manufacturing},
  volume = {8},
  number = {3},
  pages = {227--234},
  issn = {1572-8145},
  doi = {10.1023/A:1018525308809},
  langid = {english},
  keywords = {accelerated life testing,neural networks,Proportional hazards models}
}

@article{matsuo2019survivaloutcome,
  title = {Survival Outcome Prediction in Cervical Cancer: {{Cox}} Models vs Deep-Learning Model},
  shorttitle = {Survival Outcome Prediction in Cervical Cancer},
  author = {Matsuo, Koji and Purushotham, Sanjay and Jiang, Bo and Mandelbaum, Rachel S. and Takiuchi, Tsuyoshi and Liu, Yan and Roman, Lynda D.},
  date = {2019-04-01},
  journaltitle = {American Journal of Obstetrics and Gynecology},
  shortjournal = {American Journal of Obstetrics and Gynecology},
  volume = {220},
  number = {4},
  pages = {381.e1-381.e14},
  issn = {0002-9378},
  doi = {10.1016/j.ajog.2018.12.030},
  keywords = {cervical cancer,Cox proportional hazard,deep learning,survival prediction}
}

@online{metabricega,
  title = {{{METABRIC}} - {{EGA European Genome-Phenome Archive}}},
  url = {https://ega-archive.org/studies/EGAS00000000083},
  urldate = {2024-06-05},
  langid = {english}
}

@article{moghimi-dehkordi2008statisticalcomparison,
  title = {Statistical Comparison of Survival Models for Analysis of Cancer Data},
  author = {Moghimi-Dehkordi, Bijan and Safaee, Azadeh and Pourhoseingholi, Mohamad Amin and Fatemi, Reza and Tabeie, Ziaoddin and Zali, Mohammad Reza},
  date = {2008},
  journaltitle = {Asian Pacific journal of cancer prevention: APJCP},
  shortjournal = {Asian Pac J Cancer Prev},
  volume = {9},
  number = {3},
  eprint = {18990013},
  eprinttype = {pmid},
  pages = {417--420},
  issn = {2476-762X},
  langid = {english},
  keywords = {{Models, Statistical},Adult,Aged,Cohort Studies,Confidence Intervals,Female,Humans,Iran,Male,Middle Aged,Neoplasm Invasiveness,Neoplasm Staging,Prognosis,Registries,Regression Analysis,Reproducibility of Results,Sensitivity and Specificity,Stomach Neoplasms,Survival Analysis}
}

@article{mosqueraorgueira2020improvedpersonalized,
  title = {Improved Personalized Survival Prediction of Patients with Diffuse Large {{B-cell Lymphoma}} Using Gene Expression Profiling},
  author = {Mosquera Orgueira, Adrián and Díaz Arias, José Ángel and Cid López, Miguel and Peleteiro Raíndo, Andrés and Antelo Rodríguez, Beatriz and Aliste Santos, Carlos and Alonso Vence, Natalia and Bendaña López, Ángeles and Abuín Blanco, Aitor and Bao Pérez, Laura and González Pérez, Marta Sonia and Pérez Encinas, Manuel Mateo and Fraga Rodríguez, Máximo Francisco and Bello López, José Luis},
  date = {2020-10-21},
  journaltitle = {BMC Cancer},
  shortjournal = {BMC Cancer},
  volume = {20},
  number = {1},
  pages = {1017},
  issn = {1471-2407},
  doi = {10.1186/s12885-020-07492-y},
  langid = {english},
  keywords = {DLBCL,Lymphoma,Prediction,Survival,Transcriptomics}
}

@article{ohno-machado1997comparisoncox,
  title = {A Comparison of {{Cox}} Proportional Hazards and Artificial Neural Network Models for Medical Prognosis},
  author = {Ohno-Machado, Lucila},
  date = {1997-01-01},
  journaltitle = {Computers in Biology and Medicine},
  shortjournal = {Computers in Biology and Medicine},
  volume = {27},
  number = {1},
  pages = {55--65},
  issn = {0010-4825},
  doi = {10.1016/S0010-4825(96)00036-4},
  keywords = {Cox proportional hazards,Neural networks,Prognosis,Survival analysis}
}

@article{osipov2024moleculartwin,
  title = {The {{Molecular Twin}} Artificial-Intelligence Platform Integrates Multi-Omic Data to Predict Outcomes for Pancreatic Adenocarcinoma Patients},
  author = {Osipov, Arsen and Nikolic, Ognjen and Gertych, Arkadiusz and Parker, Sarah and Hendifar, Andrew and Singh, Pranav and Filippova, Darya and Dagliyan, Grant and Ferrone, Cristina R. and Zheng, Lei and Moore, Jason H. and Tourtellotte, Warren and Van Eyk, Jennifer E. and Theodorescu, Dan},
  date = {2024-02},
  journaltitle = {Nature Cancer},
  shortjournal = {Nat Cancer},
  volume = {5},
  number = {2},
  pages = {299--314},
  publisher = {Nature Publishing Group},
  issn = {2662-1347},
  doi = {10.1038/s43018-023-00697-7},
  langid = {english},
  keywords = {Machine learning,Pancreatic cancer,Predictive markers,Prognostic markers}
}

@article{park2021reviewstatistical,
  title = {Review of {{Statistical Methods}} for {{Evaluating}} the {{Performance}} of {{Survival}} or {{Other Time-to-Event Prediction Models}} (from {{Conventional}} to {{Deep Learning Approaches}})},
  author = {Park, Seo Young and Park, Ji Eun and Kim, Hyungjin and Park, Seong Ho},
  date = {2021-10},
  journaltitle = {Korean Journal of Radiology},
  shortjournal = {Korean J Radiol},
  volume = {22},
  number = {10},
  eprint = {34269532},
  eprinttype = {pmid},
  pages = {1697--1707},
  issn = {1229-6929},
  doi = {10.3348/kjr.2021.0223},
  pmcid = {PMC8484151}
}

@article{patel2006comparingproportional,
  title = {Comparing Proportional Hazards and Accelerated Failure Time Models: An Application in Influenza},
  shorttitle = {Comparing Proportional Hazards and Accelerated Failure Time Models},
  author = {Patel, Katie and Kay, Richard and Rowell, Lucy},
  date = {2006},
  journaltitle = {Pharmaceutical Statistics},
  volume = {5},
  number = {3},
  pages = {213--224},
  issn = {1539-1612},
  doi = {10.1002/pst.213},
  langid = {english},
  keywords = {accelerated failure time model,influenza,proportional hazards model,time-to-event data}
}

@incollection{pkgmlr3booksurv,
  title = {Beyond Regression and Classification},
  booktitle = {Applied Machine Learning Using {{m}}lr3 in {{R}}},
  author = {Sonabend, Raphael and Schratz, Patrick and Pulatov, Damir},
  editor = {Bischl, Bernd and Sonabend, Raphael and Kotthoff, Lars and Lang, Michel},
  date = {2024},
  publisher = {CRC Press},
  url = {https://mlr3book.mlr-org.com/beyond_regression_and_classification.html}
}

@article{pohar2006relativesurvival,
  title = {Relative Survival Analysis in {{R}}},
  author = {Pohar, Maja and Stare, Janez},
  date = {2006-03-01},
  journaltitle = {Computer Methods and Programs in Biomedicine},
  shortjournal = {Computer Methods and Programs in Biomedicine},
  volume = {81},
  number = {3},
  pages = {272--278},
  issn = {0169-2607},
  doi = {10.1016/j.cmpb.2006.01.004},
  langid = {english},
  keywords = {archived,R software,Regression,Relative survival},
  annotation = {https://web.archive.org/web/20220113102451/https://www.sciencedirect.com/science/article/abs/pii/S0169260706000228}
}

@article{puddu2012artificialneural,
  title = {Artificial Neural Networks versus Proportional Hazards {{Cox}} Models to Predict 45-Year All-Cause Mortality in the {{Italian Rural Areas}} of the {{Seven Countries Study}}},
  author = {Puddu, Paolo Emilio and Menotti, Alessandro},
  date = {2012-07-23},
  journaltitle = {BMC Medical Research Methodology},
  shortjournal = {BMC Med Res Methodol},
  volume = {12},
  number = {1},
  pages = {100},
  issn = {1471-2288},
  doi = {10.1186/1471-2288-12-100},
  langid = {english},
  keywords = {45-year follow-up,All-cause mortality,Cox models,Epidemiology,Neural networks,Prediction,Seven countries study}
}

@inproceedings{rindt2022survivalregression,
  title = {Survival Regression with Proper Scoring Rules and Monotonic Neural Networks},
  booktitle = {Proceedings of {{The}} 25th {{International Conference}} on {{Artificial Intelligence}} and {{Statistics}}},
  author = {Rindt, David and Hu, Robert and Steinsaltz, David and Sejdinovic, Dino},
  date = {2022-05-03},
  pages = {1190--1205},
  publisher = {PMLR},
  issn = {2640-3498},
  url = {https://proceedings.mlr.press/v151/rindt22a.html},
  urldate = {2024-05-21},
  eventtitle = {International {{Conference}} on {{Artificial Intelligence}} and {{Statistics}}},
  langid = {english}
}

@article{royston2002flexibleparametrica,
  title = {Flexible Parametric Proportional-Hazards and Proportional-Odds Models for Censored Survival Data, with Application to Prognostic Modelling and Estimation of Treatment Effects},
  author = {Royston, Patrick and Parmar, Mahesh K. B.},
  date = {2002},
  journaltitle = {Statistics in Medicine},
  volume = {21},
  number = {15},
  pages = {2175--2197},
  issn = {1097-0258},
  doi = {10.1002/sim.1203},
  langid = {english},
  keywords = {parametric models,proportional hazards,proportional odds,splines,survival analysis}
}

@article{salerno2023highdimensionalsurvival,
  title = {High-{{Dimensional Survival Analysis}}: {{Methods}} and {{Applications}}},
  shorttitle = {High-{{Dimensional Survival Analysis}}},
  author = {Salerno, Stephen and Li, Yi},
  date = {2023-03-09},
  journaltitle = {Annual Review of Statistics and Its Application},
  volume = {10},
  pages = {25--49},
  publisher = {Annual Reviews},
  issn = {2326-8298, 2326-831X},
  doi = {10.1146/annurev-statistics-032921-022127},
  issue = {Volume 10, 2023},
  langid = {english}
}

@article{schemper1996explainedvariation,
  title = {Explained {{Variation}} in {{Survival Analysis}}},
  author = {Schemper, Michael and Stare, Janez},
  date = {1996},
  journaltitle = {Statistics in Medicine},
  volume = {15},
  number = {19},
  pages = {1999--2012},
  issn = {1097-0258},
  doi = {10.1002/(SICI)1097-0258(19961015)15:19<1999::AID-SIM353>3.0.CO;2-D},
  langid = {english}
}

@article{schmid2012comparisonestimators,
  title = {A Comparison of Estimators to Evaluate the Discriminatory Power of Time-to-Event Models},
  author = {Schmid, Matthias and Potapov, Sergej},
  date = {2012},
  journaltitle = {Statistics in Medicine},
  volume = {31},
  number = {23},
  pages = {2588--2609},
  issn = {1097-0258},
  doi = {10.1002/sim.5464},
  langid = {english},
  keywords = {concordance probability,Cox regression,discrimination measures,molecular markers,risk prediction,survival analysis}
}

@article{simon2011regularizationpaths,
  title = {Regularization {{Paths}} for {{Cox}}'s {{Proportional Hazards Model}} via {{Coordinate Descent}}},
  author = {Simon, Noah and Friedman, Jerome H. and Hastie, Trevor and Tibshirani, Rob},
  date = {2011-03-09},
  journaltitle = {Journal of Statistical Software},
  volume = {39},
  pages = {1--13},
  issn = {1548-7660},
  doi = {10.18637/jss.v039.i05},
  langid = {english}
}

@thesis{sonabend2021theoreticalmethodological,
  type = {Doctoral},
  title = {A Theoretical and Methodological Framework for Machine Learning in Survival Analysis: {{Enabling}} Transparent and Accessible Predictive Modelling on Right-Censored Time-to-Event Data},
  shorttitle = {A Theoretical and Methodological Framework for Machine Learning in Survival Analysis},
  author = {Sonabend, Raphael Edward Benjamin},
  date = {2021-06-28},
  journaltitle = {Doctoral thesis, UCL (University College London).},
  institution = {UCL (University College London)},
  url = {https://discovery.ucl.ac.uk/id/eprint/10129352/},
  urldate = {2024-06-03},
  eventtitle = {{{UCL}} ({{University College London}})},
  langid = {english},
  pagetotal = {345}
}

@article{sonabend2022avoidingchackinga,
  title = {Avoiding {{C-hacking}} When Evaluating Survival Distribution Predictions with Discrimination Measures},
  author = {Sonabend, Raphael and Bender, Andreas and Vollmer, Sebastian},
  date = {2022-09-02},
  journaltitle = {Bioinformatics},
  shortjournal = {Bioinformatics},
  volume = {38},
  number = {17},
  pages = {4178--4184},
  issn = {1367-4803},
  doi = {10.1093/bioinformatics/btac451}
}

@online{sonabend2024examiningproperness,
  title = {Examining Properness in the External Validation of Survival Models with Squared and Logarithmic Losses},
  author = {Sonabend, Raphael and Zobolas, John and Kopper, Philipp and Burk, Lukas and Bender, Andreas},
  date = {2024-06-03},
  eprint = {2212.05260},
  eprinttype = {arxiv},
  eprintclass = {cs, math, stat},
  doi = {10.48550/arXiv.2212.05260},
  pubstate = {preprint},
  keywords = {Computer Science - Machine Learning,Mathematics - Statistics Theory,Statistics - Applications}
}

@article{spooner2020comparisonmachine,
  title = {A Comparison of Machine Learning Methods for Survival Analysis of High-Dimensional Clinical Data for Dementia Prediction},
  author = {Spooner, Annette and Chen, Emily and Sowmya, Arcot and Sachdev, Perminder and Kochan, Nicole A. and Trollor, Julian and Brodaty, Henry},
  date = {2020-11-23},
  journaltitle = {Scientific Reports},
  shortjournal = {Sci Rep},
  volume = {10},
  number = {1},
  pages = {20410},
  publisher = {Nature Publishing Group},
  issn = {2045-2322},
  doi = {10.1038/s41598-020-77220-w},
  langid = {english},
  keywords = {Data mining,Dementia,Diseases,Machine learning,Neurodegenerative diseases,Statistics}
}

@article{stuber2023comprehensivemachine,
  title = {A {{Comprehensive Machine Learning Benchmark Study}} for {{Radiomics-Based Survival Analysis}} of {{CT Imaging Data}} in {{Patients With Hepatic Metastases}} of {{CRC}}},
  author = {Stüber, Anna Theresa and Coors, Stefan and Schachtner, Balthasar and Weber, Tobias and Rügamer, David and Bender, Andreas and Mittermeier, Andreas and Öcal, Osman and Seidensticker, Max and Ricke, Jens and Bischl, Bernd and Ingrisch, Michael},
  date = {2023-12},
  journaltitle = {Investigative Radiology},
  volume = {58},
  number = {12},
  pages = {874},
  doi = {10.1097/RLI.0000000000001009},
  langid = {american}
}

@book{therneau2000modelingsurvival,
  title = {Modeling {{Survival Data}}: {{Extending}} the {{Cox Model}}},
  shorttitle = {Modeling {{Survival Data}}},
  author = {Therneau, Terry M. and Grambsch, Patricia M.},
  editor = {Dietz, K. and Gail, M. and Krickeberg, K. and Samet, J. and Tsiatis, A.},
  editortype = {redactor},
  date = {2000},
  series = {Statistics for {{Biology}} and {{Health}}},
  publisher = {Springer New York},
  location = {New York, NY},
  doi = {10.1007/978-1-4757-3294-8},
  isbn = {978-1-4419-3161-0 978-1-4757-3294-8}
}

@article{trebern-launay2013comparisonrisk,
  title = {Comparison of the Risk Factors Effects between Two Populations: Two Alternative Approaches Illustrated by the Analysis of First and Second Kidney Transplant Recipients},
  shorttitle = {Comparison of the Risk Factors Effects between Two Populations},
  author = {Trébern-Launay, Katy and Giral, Magali and Dantal, Jacques and Foucher, Yohann},
  date = {2013-08-06},
  journaltitle = {BMC Medical Research Methodology},
  shortjournal = {BMC Med Res Methodol},
  volume = {13},
  eprint = {23915191},
  eprinttype = {pmid},
  pages = {102},
  issn = {1471-2288},
  doi = {10.1186/1471-2288-13-102},
  pmcid = {PMC3750352; https://web.archive.org/web/20220113104816/https://www.ncbi.nlm.nih.gov/pmc/articles/PMC3750352/},
  keywords = {archived}
}

@article{vanbelle2011improvedperformance,
  title = {Improved Performance on High-Dimensional Survival Data by Application of {{Survival-SVM}}},
  author = {Van Belle, V. and Pelckmans, K. and Van Huffel, S. and Suykens, J. A. K.},
  date = {2011-01-01},
  journaltitle = {Bioinformatics},
  shortjournal = {Bioinformatics},
  volume = {27},
  number = {1},
  pages = {87--94},
  issn = {1367-4803},
  doi = {10.1093/bioinformatics/btq617}
}

@article{vanbelle2011supportvector,
  title = {Support Vector Methods for Survival Analysis: A Comparison between Ranking and Regression Approaches},
  shorttitle = {Support Vector Methods for Survival Analysis},
  author = {Van Belle, Vanya and Pelckmans, Kristiaan and Van Huffel, Sabine and Suykens, Johan A. K.},
  date = {2011-10-01},
  journaltitle = {Artificial Intelligence in Medicine},
  shortjournal = {Artificial Intelligence in Medicine},
  volume = {53},
  number = {2},
  pages = {107--118},
  issn = {0933-3657},
  doi = {10.1016/j.artmed.2011.06.006},
  keywords = {Cancer prognosis,Concordance index,Support vector machines,Survival analysis}
}

@article{vanhouwelingen2000validationcalibration,
  title = {Validation, Calibration, Revision and Combination of Prognostic Survival Models},
  author = {family=Houwelingen, given=Hans C., prefix=van, useprefix=true},
  date = {2000},
  journaltitle = {Statistics in Medicine},
  volume = {19},
  number = {24},
  pages = {3401--3415},
  issn = {1097-0258},
  doi = {10.1002/1097-0258(20001230)19:24<3401::AID-SIM554>3.0.CO;2-2},
  langid = {english}
}

@book{venables2002modernapplied,
  title = {Modern Applied Statistics with {{S}}},
  author = {Venables, William N. and Ripley, Brian D.},
  date = {2002},
  series = {Statistics and Computing},
  edition = {4th ed},
  publisher = {Springer},
  location = {New York},
  isbn = {978-0-387-95457-8},
  langid = {english}
}

@article{wang2017selectivereview,
  title = {A {{Selective Review}} on {{Random Survival Forests}} for {{High Dimensional Data}}},
  author = {Wang, Hong and Li, Gang},
  date = {2017},
  journaltitle = {Quantitative bio-science},
  shortjournal = {Quant Biosci},
  volume = {36},
  number = {2},
  eprint = {30740388},
  eprinttype = {pmid},
  pages = {85--96},
  issn = {2288-1344},
  doi = {10.22283/qbs.2017.36.2.85},
  pmcid = {PMC6364686}
}

@article{wang2019machinelearninga,
  title = {Machine {{Learning}} for {{Survival Analysis}}: {{A Survey}}},
  shorttitle = {Machine {{Learning}} for {{Survival Analysis}}},
  author = {Wang, Ping and Li, Yan and Reddy, Chandan K.},
  date = {2019-02-27},
  journaltitle = {ACM Computing Surveys},
  shortjournal = {ACM Comput. Surv.},
  volume = {51},
  number = {6},
  pages = {110:1--110:36},
  issn = {0360-0300},
  doi = {10.1145/3214306},
  keywords = {censoring,concordance index,Cox model,hazard rate,Machine learning,regression,survival analysis,survival data}
}

@article{wiegrebe2024deeplearning,
  title = {Deep Learning for Survival Analysis: A Review},
  shorttitle = {Deep Learning for Survival Analysis},
  author = {Wiegrebe, Simon and Kopper, Philipp and Sonabend, Raphael and Bischl, Bernd and Bender, Andreas},
  date = {2024-02-19},
  journaltitle = {Artificial Intelligence Review},
  shortjournal = {Artif Intell Rev},
  volume = {57},
  number = {3},
  pages = {65},
  issn = {1573-7462},
  doi = {10.1007/s10462-023-10681-3},
  langid = {english},
  keywords = {Deep learning,Review,Survival analysis,Time-to-event analysis}
}

@online{wissel2022survboardstandardised,
  title = {{{SurvBoard}}: {{Standardised Benchmarking}} for {{Multi-omics Cancer Survival Models}}},
  shorttitle = {{{SurvBoard}}},
  author = {Wissel, David and Janakarajan, Nikita and Grover, Aayush and Toniato, Enrico and Martínez, María Rodríguez and Boeva, Valentina},
  date = {2022-11-20},
  eprinttype = {bioRxiv},
  eprintclass = {New Results},
  pages = {2022.11.18.517043},
  doi = {10.1101/2022.11.18.517043},
  langid = {english},
  pubstate = {preprint}
}

@article{wissel2023systematiccomparisona,
  title = {Systematic Comparison of Multi-Omics Survival Models Reveals a Widespread Lack of Noise Resistance},
  author = {Wissel, David and Rowson, Daniel and Boeva, Valentina},
  date = {2023-04},
  journaltitle = {Cell Reports Methods},
  shortjournal = {Cell Reports Methods},
  volume = {3},
  number = {4},
  pages = {100461},
  issn = {26672375},
  doi = {10.1016/j.crmeth.2023.100461},
  langid = {english}
}

@article{zhao2024tutorialsurvival,
  title = {Tutorial on Survival Modeling with Applications to Omics Data},
  author = {Zhao, Zhi and Zobolas, John and Zucknick, Manuela and Aittokallio, Tero},
  date = {2024-03-01},
  journaltitle = {Bioinformatics},
  shortjournal = {Bioinformatics},
  volume = {40},
  number = {3},
  pages = {btae132},
  issn = {1367-4811},
  doi = {10.1093/bioinformatics/btae132}
}
