
@inproceedings{hiabu2023glex,
	title = {International Conference on Artificial Intelligence and Statistics},
	author = {Hiabu, Munir and Meyer, Joseph T. and Wright, Marvin N.},
	year = {2023},
	month = {04},
	date = {2023-04-11},
	publisher = {PMLR},
	pages = {7040--7060},
	url = {https://proceedings.mlr.press/v206/hiabu23a.html},
	note = {ISSN: 2640-3498
Citation Key: hiabu2023unifyinglocala},
	langid = {en}
}

@article{hiaburpf,
	title = {Random Planted Forest: a directly interpretable tree ensemble},
	author = {Hiabu, Munir and Mammen, Enno and Meyer, Joseph T.},
	doi = {10.48550/arXiv.2012.14563}
}

@inproceedings{fischer2023openmlctr,
  title = {{{OpenML-CTR23}} â€“ {{A}} Curated Tabular Regression Benchmarking Suite},
  booktitle = {{{AutoML}} Conference 2023 (Workshop)},
  author = {Fischer, Sebastian Felix and Harutyunyan, Liana and Feurer, Matthias and Bischl, Bernd},
  date = {2023},
  url = {https://openreview.net/forum?id=HebAOoMm94}
}
